<?xml version="1.0" encoding="UTF-8"?><record xmlns="http://www.loc.gov/MARC21/slim" xmlns:cinclude="http://apache.org/cocoon/include/1.0" xmlns:zs="http://www.loc.gov/zing/srw/">
  <leader>00385nz  a2200121n  4500</leader>
  <controlfield tag="001">nb2003094208</controlfield>
  <controlfield tag="003">DLC</controlfield>
  <controlfield tag="005">20030926063112.0</controlfield>
  <controlfield tag="008">030925n| acannaabn          |n aaa      </controlfield>
  <datafield tag="010" ind1=" " ind2=" ">
    <subfield code="a">nb2003094208</subfield>
  </datafield>
  <datafield tag="040" ind1=" " ind2=" ">
    <subfield code="a">Uk</subfield>
    <subfield code="b">eng</subfield>
    <subfield code="c">Uk</subfield>
  </datafield>
  <datafield tag="100" ind1="1" ind2=" ">
    <subfield code="a">Baumgartner, Bernhard,</subfield>
    <subfield code="d">1973-</subfield>
  </datafield>
  <datafield tag="670" ind1=" " ind2=" ">
    <subfield code="a">Wiener Fasching, 2001:</subfield>
    <subfield code="b">t.p. (Bernhard Baumgartner) inside front cover (born 1973 in Vienna; editor of "Die Presse")</subfield>
  </datafield>
</record>